@ARTICLE{Shen2011,
       author = {{Shen}, Yue and {Richards}, Gordon T. and {Strauss}, Michael A. and
         {Hall}, Patrick B. and {Schneider}, Donald P. and {Snedden}, Stephanie and
         {Bizyaev}, Dmitry and {Brewington}, Howard and {Malanushenko}, Viktor and
         {Malanushenko}, Elena and {Oravetz}, Dan and {Pan}, Kaike and
         {Simmons}, Audrey},
        title = "{A Catalog of Quasar Properties from Sloan Digital Sky Survey Data Release 7}",
      journal = {\apjs},
     keywords = {black hole physics, galaxies: active, quasars: general, surveys, Astrophysics - Cosmology and Extragalactic Astrophysics},
         year = "2011",
        month = "Jun",
       volume = {194},
       number = {2},
          eid = {45},
        pages = {45},
          doi = {10.1088/0067-0049/194/2/45},
archivePrefix = {arXiv},
       eprint = {1006.5178},
 primaryClass = {astro-ph.CO},
       adsurl = {https://ui.adsabs.harvard.edu/abs/2011ApJS..194...45S},
      adsnote = {Provided by the SAO/NASA Astrophysics Data System}
}



@ARTICLE{Ding2017a,
       author = {{Ding}, Xuheng and {Liao}, Kai and {Treu}, Tommaso and
         {Suyu}, Sherry H. and {Chen}, Geoff C. -F. and {Auger}, Matthew W. and
         {Marshall}, Philip J. and {Agnello}, Adriano and {Courbin}, Frederic and
         {Nierenberg}, Anna M. and {Rusu}, Cristian E. and {Sluse}, Dominique and
         {Sonnenfeld}, Alessandro and {Wong}, Kenneth C.},
        title = "{H0LiCOW. VI. Testing the fidelity of lensed quasar host galaxy reconstruction}",
      journal = {\mnras},
     keywords = {black hole physics, galaxies: active, galaxies: evolution, Astrophysics - Astrophysics of Galaxies},
         year = "2017",
        month = "Mar",
       volume = {465},
       number = {4},
        pages = {4634-4649},
          doi = {10.1093/mnras/stw3078},
archivePrefix = {arXiv},
       eprint = {1610.08504},
 primaryClass = {astro-ph.GA},
       adsurl = {https://ui.adsabs.harvard.edu/abs/2017MNRAS.465.4634D},
      adsnote = {Provided by the SAO/NASA Astrophysics Data System}
}

@ARTICLE{Ding2017b,
       author = {{Ding}, Xuheng and {Treu}, Tommaso and {Suyu}, Sherry H. and
         {Wong}, Kenneth C. and {Morishita}, Takahiro and {Park}, Daeseong and
         {Sluse}, Dominique and {Auger}, Matthew W. and {Agnello}, Adriano and
         {Bennert}, Vardha N. and {Collett}, Thomas E.},
        title = "{H0LiCOW VII: cosmic evolution of the correlation between black hole mass and host galaxy luminosity}",
      journal = {\mnras},
     keywords = {black hole physics, galaxies: active, galaxies: evolution, Astrophysics - Astrophysics of Galaxies},
         year = 2017,
        month = nov,
       volume = {472},
       number = {1},
        pages = {90-103},
          doi = {10.1093/mnras/stx1972},
archivePrefix = {arXiv},
       eprint = {1703.02041},
 primaryClass = {astro-ph.GA},
       adsurl = {https://ui.adsabs.harvard.edu/abs/2017MNRAS.472...90D},
      adsnote = {Provided by the SAO/NASA Astrophysics Data System}
}


@ARTICLE{Ding2020,
       author = {{Ding}, Xuheng and {Silverman}, John and {Treu}, Tommaso and
         {Schulze}, Andreas and {Schramm}, Malte and {Birrer}, Simon and
         {Park}, Daeseong and {Jahnke}, Knud and {Bennert}, Vardha N. and
         {Kartaltepe}, Jeyhan S. and {Koekemoer}, Anton M. and
         {Malkan}, Matthew A. and {Sanders}, David},
        title = "{The Mass Relations between Supermassive Black Holes and Their Host Galaxies at 1 \&lt; z \&lt; 2 HST-WFC3}",
      journal = {\apj},
     keywords = {Galaxy evolution, Active galaxies, Astrophysics - Astrophysics of Galaxies},
         year = "2020",
        month = "Jan",
       volume = {888},
       number = {1},
          eid = {37},
        pages = {37},
          doi = {10.3847/1538-4357/ab5b90},
archivePrefix = {arXiv},
       eprint = {1910.11875},
 primaryClass = {astro-ph.GA},
       adsurl = {https://ui.adsabs.harvard.edu/abs/2020ApJ...888...37D},
      adsnote = {Provided by the SAO/NASA Astrophysics Data System}
}

@ARTICLE{Ding2020b,
       author = {{Ding}, Xuheng and {Treu}, Tommaso and {Silverman}, John D. and
         {Bhowmick}, Aklant K. and {Menci}, N. and {Di Matteo}, Tiziana},
        title = "{Testing the fidelity of simulations of black hole -- galaxy co-evolution at z \raisebox{-0.5ex}\textasciitilde 1.5 with observations}",
      journal = {arXiv e-prints},
     keywords = {Astrophysics - Astrophysics of Galaxies},
         year = 2020,
        month = feb,
          eid = {arXiv:2002.07812},
        pages = {arXiv:2002.07812},
archivePrefix = {arXiv},
       eprint = {2002.07812},
 primaryClass = {astro-ph.GA},
       adsurl = {https://ui.adsabs.harvard.edu/abs/2020arXiv200207812D},
      adsnote = {Provided by the SAO/NASA Astrophysics Data System}
}




@ARTICLE{Sluse2012,
       author = {{Sluse}, D. and {Hutsem{\'e}kers}, D. and {Courbin}, F. and
         {Meylan}, G. and {Wambsganss}, J.},
        title = "{Microlensing of the broad line region in 17 lensed quasars}",
      journal = {\aap},
     keywords = {gravitational lensing: micro, gravitational lensing: strong, line: formation, quasars: general, quasars: emission lines, Astrophysics - Cosmology and Extragalactic Astrophysics, Astrophysics - Galaxy Astrophysics, Astrophysics - High Energy Astrophysical Phenomena, Astrophysics - Instrumentation and Methods for Astrophysics},
         year = "2012",
        month = "Aug",
       volume = {544},
          eid = {A62},
        pages = {A62},
          doi = {10.1051/0004-6361/201219125},
archivePrefix = {arXiv},
       eprint = {1206.0731},
 primaryClass = {astro-ph.CO},
       adsurl = {https://ui.adsabs.harvard.edu/abs/2012A&A...544A..62S},
      adsnote = {Provided by the SAO/NASA Astrophysics Data System}
}


@ARTICLE{Peng2006,
       author = {{Peng}, Chien Y. and {Impey}, Chris D. and {Rix}, Hans-Walter and
         {Kochanek}, Christopher S. and {Keeton}, Charles R. and
         {Falco}, Emilio E. and {Leh{\'a}r}, Joseph and {McLeod}, Brian A.},
        title = "{Probing the Coevolution of Supermassive Black Holes and Galaxies Using Gravitationally Lensed Quasar Hosts}",
      journal = {\apj},
     keywords = {Black Hole Physics, Galaxies: Bulges, Galaxies: Evolution, Galaxies: Fundamental Parameters, Galaxies: Structure, Cosmology: Gravitational Lensing, Galaxies: Quasars: General, Astrophysics},
         year = "2006",
        month = "Oct",
       volume = {649},
       number = {2},
        pages = {616-634},
          doi = {10.1086/506266},
archivePrefix = {arXiv},
       eprint = {astro-ph/0603248},
 primaryClass = {astro-ph},
       adsurl = {https://ui.adsabs.harvard.edu/abs/2006ApJ...649..616P},
      adsnote = {Provided by the SAO/NASA Astrophysics Data System}
}

