@ARTICLE{Ding2017a,
       author = {{Ding}, Xuheng and {Liao}, Kai and {Treu}, Tommaso and
         {Suyu}, Sherry H. and {Chen}, Geoff C. -F. and {Auger}, Matthew W. and
         {Marshall}, Philip J. and {Agnello}, Adriano and {Courbin}, Frederic and
         {Nierenberg}, Anna M. and {Rusu}, Cristian E. and {Sluse}, Dominique and
         {Sonnenfeld}, Alessandro and {Wong}, Kenneth C.},
        title = "{H0LiCOW. VI. Testing the fidelity of lensed quasar host galaxy reconstruction}",
      journal = {\mnras},
     keywords = {black hole physics, galaxies: active, galaxies: evolution, Astrophysics - Astrophysics of Galaxies},
         year = "2017",
        month = "Mar",
       volume = {465},
       number = {4},
        pages = {4634-4649},
          doi = {10.1093/mnras/stw3078},
archivePrefix = {arXiv},
       eprint = {1610.08504},
 primaryClass = {astro-ph.GA},
       adsurl = {https://ui.adsabs.harvard.edu/abs/2017MNRAS.465.4634D},
      adsnote = {Provided by the SAO/NASA Astrophysics Data System}
}

